% Encoding: UTF-8

@Article{Ratto_CompEcon_2008,
  author  = {Ratto, M.},
  journal = {Computational Economics},
  title   = {Analysing DSGE Models with Global Sensitivity Analysis},
  year    = {2008},
  pages   = {115--139},
  volume  = {31},
  doi     = {10.1007/s10614-007-9110-6},
}

@Article{Iskrev2010,
  author  = {Nikolay Iskrev},
  journal = {Journal of Monetary Economics},
  title   = {Local Identification in {DSGE} Models},
  year    = {2010},
  number  = {2},
  pages   = {189-202},
  volume  = {57},
  doi     = {10.1016/j.jmoneco.2009.12.007},
}

@UNPUBLISHED{Iskrev2011,
  author = {Nikolay Iskrev},
  title = {Evaluating the strenght of identification in {DSGE} models. An a priori
	approach},
  note = {mimeo},
  year = {2011}
}

@Comment{jabref-meta: databaseType:bibtex;}
